<record><leader>00000cas a2200000 a 4500</leader><controlfield tag="001">12493698</controlfield><controlfield tag="008">850905d18931900caudr ne      0   a0eng  </controlfield><datafield ind1=" " ind2=" " tag="010"><subfield code="a">sn 85042461 </subfield></datafield><datafield ind1=" " ind2=" " tag="040"><subfield code="a">DLC</subfield><subfield code="b">eng</subfield><subfield code="c">DLC</subfield><subfield code="d">CNK</subfield><subfield code="d">MGN</subfield><subfield code="d">CNK</subfield><subfield code="d">DLC</subfield><subfield code="d">CNK</subfield><subfield code="d">OCLCQ</subfield><subfield code="d">OCLCF</subfield><subfield code="d">OCLCO</subfield></datafield><datafield ind1=" " ind2=" " tag="012"><subfield code="l">a</subfield></datafield><datafield ind1="0" ind2=" " tag="022"><subfield code="a">2166-5524</subfield><subfield code="2">1</subfield></datafield><datafield ind1="1" ind2=" " tag="029"><subfield code="a">AU@</subfield><subfield code="b">000022902268</subfield></datafield><datafield ind1=" " ind2=" " tag="042"><subfield code="a">pcc</subfield><subfield code="a">nsdp</subfield></datafield><datafield ind1=" " ind2=" " tag="043"><subfield code="a">n-us-ca</subfield></datafield><datafield ind1="0" ind2="0" tag="050"><subfield code="a">Newspaper</subfield></datafield><datafield ind1="1" ind2="0" tag="082"><subfield code="a">071</subfield><subfield code="2">14</subfield></datafield><datafield ind1="0" ind2=" " tag="130"><subfield code="a">Herald (Los Angeles, Calif. : 1893 : Daily)</subfield></datafield><datafield ind1=" " ind2="4" tag="222"><subfield code="a">The herald (Los Angeles, Calif. 1893. Daily)</subfield></datafield><datafield ind1="1" ind2="4" tag="245"><subfield code="a">The herald.</subfield></datafield><datafield ind1=" " ind2=" " tag="260"><subfield code="a">Los Angeles [Calif.] :</subfield><subfield code="b">Ayers &amp; Lynch,</subfield><subfield code="c">1893-1900.</subfield></datafield><datafield ind1=" " ind2=" " tag="300"><subfield code="a">v.</subfield></datafield><datafield ind1=" " ind2=" " tag="310"><subfield code="a">Daily</subfield></datafield><datafield ind1="0" ind2=" " tag="362"><subfield code="a">Vol. 39, no. 97 (Jan. 16, 1893)- ; -27th year, no. 182 (Mar. 31, 1900).</subfield></datafield><datafield ind1=" " ind2=" " tag="515"><subfield code="a">Issues for Jan. 16, 1893-Mar. 19, 1896 called v. 39, no. 97-v. 45, no. 160; issues for Mar. 20, 1896-Mar. 31, 1900 called 25th year, no. 161-27th year, no. 182.</subfield></datafield><datafield ind1=" " ind2=" " tag="515"><subfield code="a">Numbering is irregular.</subfield></datafield><datafield ind1=" " ind2=" " tag="530"><subfield code="a">Master negatives are available for duplication from:</subfield><subfield code="b">California Newspaper Microfilm Archive;</subfield><subfield code="c">for further information consult the CNMA at:</subfield><subfield code="u">http://cbsr.ucr.edu.</subfield></datafield><datafield ind1=" " ind2=" " tag="530"><subfield code="a">Archived issues are available in digital format as part of the Library of Congress Chronicling America online collection.</subfield></datafield><datafield ind1=" " ind2="0" tag="651"><subfield code="a">Los Angeles (Calif.)</subfield><subfield code="v">Newspapers.</subfield></datafield><datafield ind1=" " ind2="0" tag="651"><subfield code="a">Los Angeles County (Calif.)</subfield><subfield code="v">Newspapers.</subfield></datafield><datafield ind1=" " ind2="7" tag="655"><subfield code="a">Newspapers.</subfield><subfield code="2">fast</subfield><subfield code="0">(OCoLC)fst01423814</subfield></datafield><datafield ind1=" " ind2="7" tag="651"><subfield code="a">California</subfield><subfield code="z">Los Angeles.</subfield><subfield code="2">fast</subfield><subfield code="0">(OCoLC)fst01204540</subfield></datafield><datafield ind1=" " ind2="7" tag="651"><subfield code="a">California</subfield><subfield code="z">Los Angeles County.</subfield><subfield code="2">fast</subfield><subfield code="0">(OCoLC)fst01205194</subfield></datafield><datafield ind1=" " ind2=" " tag="752"><subfield code="a">United States</subfield><subfield code="b">California</subfield><subfield code="c">Los Angeles</subfield><subfield code="d">Los Angeles.</subfield></datafield><datafield ind1="0" ind2=" " tag="775"><subfield code="t">Herald (Los Angeles, Calif. : 1893 : Weekly)</subfield><subfield code="w">(DLC)sn 93052538</subfield><subfield code="w">(OCoLC)28108872</subfield></datafield><datafield ind1="0" ind2=" " tag="775"><subfield code="t">Weekly herald (Los Angeles, Calif. : 1897)</subfield><subfield code="w">(DLC)sn 93052534</subfield><subfield code="w">(OCoLC)28110138</subfield></datafield><datafield ind1="0" ind2="0" tag="780"><subfield code="t">Los Angeles herald (Los Angeles, Calif. : 1890)</subfield><subfield code="x">2166-5494</subfield><subfield code="w">(DLC)sn 84025968</subfield><subfield code="w">(OCoLC)10846394</subfield></datafield><datafield ind1="0" ind2="0" tag="785"><subfield code="t">Los Angeles herald (Los Angeles, Calif. : 1900)</subfield><subfield code="w">(DLC)sn 85042462</subfield><subfield code="w">(OCoLC)12493993</subfield></datafield><datafield ind1="4" ind2="1" tag="856"><subfield code="u">http://www.loc.gov/chroniclingamerica/lccn/sn85042461/issues</subfield></datafield></record>